@article{born1927quantentheorie,
  title={Zur quantentheorie der molekeln},
  author={Born, Max and Oppenheimer, Robert},
  journal={Annalen der Physik},
  volume={389},
  number={20},
  pages={457--484},
  year={1927},
  publisher={Wiley Online Library}
}

@book{lee2016computational,
  title={Computational materials science: an introduction},
  author={Lee, June Gunn},
  year={2016},
  publisher={Crc Press}
}

@article{lee1957many,
  title={Many-body problem in quantum mechanics and quantum statistical mechanics},
  author={Lee, TD and Yang, CN},
  journal={Physical Review},
  volume={105},
  number={3},
  pages={1119},
  year={1957},
  publisher={APS}
}

@book{march1967many,
  title={The many-body problem in quantum mechanics},
  author={March, Norman Henry and Young, William H and Sampanthar, Sangarapillai},
  year={1967},
  publisher={Courier Corporation}
}

@article{luintroduction,
  title={Introduction to First-Principles Method},
  author={LU, Guang Hong},
  journal={Joint ICTP/CAS/IAEA School Workshop on Plasma-Materials Interaction in Fusion Devices},
  year={2016}
}

@article{fischer1987general,
  title={General hartree-fock program},
  author={Fischer, Charlotte Froese},
  journal={Computer physics communications},
  volume={43},
  number={3},
  pages={355--365},
  year={1987},
  publisher={Elsevier}
}

@book{gross2013density,
  title={Density functional theory},
  author={Gross, Eberhard KU and Dreizler, Reiner M},
  volume={337},
  year={2013},
  publisher={Springer Science \& Business Media}
}

@article{jones2006introduction,
  title={Introduction to density functional theory and exchange-correlation energy functionals},
  author={Jones, RO},
  journal={Computational Nanoscience: Do It Yourself},
  volume={31},
  pages={45--70},
  year={2006},
  publisher={Citeseer}
}

@article{hohenberg1964inhomogeneous,
  title={Inhomogeneous electron gas},
  author={Hohenberg, Pierre and Kohn, Walter},
  journal={Physical review},
  volume={136},
  number={3B},
  pages={B864},
  year={1964},
  publisher={APS}
}

@article{kohn1965self,
  title={Self-consistent equations including exchange and correlation effects},
  author={Kohn, Walter and Sham, Lu Jeu},
  journal={Physical review},
  volume={140},
  number={4A},
  pages={A1133},
  year={1965},
  publisher={APS}
}

@article{jain2013commentary,
  title={Commentary: The Materials Project: A materials genome approach to accelerating materials innovation},
  author={Jain, Anubhav and Ong, Shyue Ping and Hautier, Geoffroy and Chen, Wei and Richards, William Davidson and Dacek, Stephen and Cholia, Shreyas and Gunter, Dan and Skinner, David and Ceder, Gerbrand and others},
  journal={Apl Materials},
  volume={1},
  number={1},
  pages={011002},
  year={2013},
  publisher={AIP}
}

@article{curtarolo2012aflow,
  title={AFLOW: an automatic framework for high-throughput materials discovery},
  author={Curtarolo, Stefano and Setyawan, Wahyu and Hart, Gus LW and Jahnatek, Michal and Chepulskii, Roman V and Taylor, Richard H and Wang, Shidong and Xue, Junkai and Yang, Kesong and Levy, Ohad and others},
  journal={Computational Materials Science},
  volume={58},
  pages={218--226},
  year={2012},
  publisher={Elsevier}
}

@article{saal2013materials,
  title={Materials design and discovery with high-throughput density functional theory: the open quantum materials database (OQMD)},
  author={Saal, James E and Kirklin, Scott and Aykol, Muratahan and Meredig, Bryce and Wolverton, Christopher},
  journal={Jom},
  volume={65},
  number={11},
  pages={1501--1509},
  year={2013},
  publisher={Springer}
}

@article{hafner2008ab,
  title={Ab-initio simulations of materials using VASP: Density-functional theory and beyond},
  author={Hafner, J{\"u}rgen},
  journal={Journal of computational chemistry},
  volume={29},
  number={13},
  pages={2044--2078},
  year={2008},
  publisher={Wiley Online Library}
}

@article{kresse1996software,
  title={Software vasp, vienna, 1999; g. kresse, j. furthm{\"u}ller},
  author={Kresse, G},
  journal={Phys. Rev. B},
  volume={54},
  number={11},
  pages={169},
  year={1996}
}

@article{gonze2005brief,
  title={A brief introduction to the ABINIT software package},
  author={Gonze, Xavier},
  journal={Zeitschrift f{\"u}r Kristallographie-Crystalline Materials},
  volume={220},
  number={5/6},
  pages={558--562},
  year={2005},
  publisher={De Gruyter Oldenbourg}
}

@article{ong2013python,
  title={Python Materials Genomics (pymatgen): A robust, open-source python library for materials analysis},
  author={Ong, Shyue Ping and Richards, William Davidson and Jain, Anubhav and Hautier, Geoffroy and Kocher, Michael and Cholia, Shreyas and Gunter, Dan and Chevrier, Vincent L and Persson, Kristin A and Ceder, Gerbrand},
  journal={Computational Materials Science},
  volume={68},
  pages={314--319},
  year={2013},
  publisher={Elsevier}
}

@article{momma2011vesta,
  title={VESTA 3 for three-dimensional visualization of crystal, volumetric and morphology data},
  author={Momma, Koichi and Izumi, Fujio},
  journal={Journal of applied crystallography},
  volume={44},
  number={6},
  pages={1272--1276},
  year={2011},
  publisher={International Union of Crystallography}
}

@article{stukowski2009visualization,
  title={Visualization and analysis of atomistic simulation data with OVITO--the Open Visualization Tool},
  author={Stukowski, Alexander},
  journal={Modelling and Simulation in Materials Science and Engineering},
  volume={18},
  number={1},
  pages={015012},
  year={2009},
  publisher={IOP Publishing}
}

@article{koonce1967superconducting,
  title={Superconducting Transition Temperatures of Semiconducting SrTi O 3},
  author={Koonce, CS and Cohen, Marvin L and Schooley, JF and Hosler, WR and Pfeiffer, ER},
  journal={Physical Review},
  volume={163},
  number={2},
  pages={380},
  year={1967},
  publisher={APS}
}

@article{behtash2018oxygen,
  title={Oxygen vacancy formation in the SrTiO3 $\Sigma$5 [001] twist grain boundary from first-principles},
  author={Behtash, Maziar and Wang, Yaqin and Luo, Jian and Yang, Kesong},
  journal={Journal of the American Ceramic Society},
  year={2018},
  publisher={Wiley Online Library}
}

@article{kalabukhov2007effect,
  title={Effect of oxygen vacancies in the SrTiO 3 substrate on the electrical properties of the LaAlO 3/ SrTiO 3 interface},
  author={Kalabukhov, Alexey and Gunnarsson, Robert and B{\"o}rjesson, Johan and Olsson, Eva and Claeson, Tord and Winkler, Dag},
  journal={Physical Review B},
  volume={75},
  number={12},
  pages={121404},
  year={2007},
  publisher={APS}
}

@article{gunnarsson1976exchange,
  title={Exchange and correlation in atoms, molecules, and solids by the spin-density-functional formalism},
  author={Gunnarsson, Olle and Lundqvist, Bengt I},
  journal={Physical Review B},
  volume={13},
  number={10},
  pages={4274},
  year={1976},
  publisher={APS}
}